@misc{acs2022S0101,
  author = {{U.S. Census Bureau}},
  title = {Age and Sex},
  year = {2022},
  note = {American Community Survey, ACS 5-Year Estimates Subject Tables, Table S0101},
  url = {https://data.census.gov/table/ACSST5Y2022.S0101?g=040XX00US27$0500000},
  urldate = {2024-09-04}
}

@misc{cdcAces,
  author = {{Centers for Disease Control and Prevention}},
  title = {About Adverse Childhood Experiences},
  year = {2024},
  note = {Accessed 02/03/2025},
  url = {https://www.cdc.gov/aces/about/index.html},
  urldate = {2024-11-12}
}

@misc{cdc2024Places,
  author = {{Centers for Disease Control and Prevention}},
  title = {PLACES: Local Data for Better Health},
  year = {2024},
  note = {Accessed 12/01/2024},
  url = {https://www.cdc.gov/places},
  urldate = {2024-11-12}
}

@misc{cdcStats2024Suppression,
  author = {{Centers for Disease Control and Prevention}},
  title = {Suppression of Rates and Counts},
  year = {2024},
  note = {Accessed 12/01/2024},
  url = {https://www.cdc.gov/united-states-cancer-statistics/technical-notes/suppression.html},
  urldate = {2024-11-27}
}

@misc{cdc2022Svi,
  author = {{Centers for Disease Control and Prevention/ Agency for Toxic Substances and Disease Registry/ Geospatial Research, Analysis, and Services Program}},
  title = {CDC/ATSDR Social Vulnerability Index 2022 Database U.S.},
  year = {2022},
  note = {Accessed 12/01/2024},
  url = {https://www.atsdr.cdc.gov/placeandhealth/svi/data_documentation_download.html},
  urldate = {2024-10-28}
}

@misc{countyHealthRankings2024,
  author = {{University of Wisconsin Population Health Institute}},
  title = {County Health Rankings & Roadmaps},
  year = {2024},
  note = {Accessed 12/06/2024},
  url = {www.countyhealthrankings.org},
  urldate = {2024-11-27}
}

@misc{decennialcensus2020P1,
  author = {{U.S. Census Bureau}},
  title = {RACE},
  year = {2020},
  note = {Decennial Census, DEC Redistricting Data (PL 94-171), Table P1},
  url = {https://data.census.gov/table/DECENNIALPL2020.P1?g=040XX00US27$0500000},
  urldate = {2024-09-03}
}

@misc{decennialcensus2020P9,
  author = {{U.S. Census Bureau}},
  title = {HISPANIC OR LATINO, AND NOT HISPANIC OR LATINO BY RACE.},
  year = {2020},
  note = {Decennial Census, DEC Demographic and Housing Characteristics, Table P9},
  url = {https://api.census.gov/data/2020/dec/dhc?get=group(P9)&ucgid=pseudo(0400000US27$0500000)},
  urldate = {2024-09-03}
}

@misc{healthyPeople2023EconomicStability,
  author = {{U.S. Department of Health and Human Services, Office of Disease Prevention and Health Promotion}},
  title = {Employment},
  year = {2024},
  note = {Accessed 01/29/2025},
  url = {https://odphp.health.gov/healthypeople/priority-areas/social-determinants-health/literature-summaries/employment},
  urldate = {2024-01-29}
}

@misc{hungerSolutionsFoodShelf2022,
  author = {{Hunger Solutions}},
  title = {2022 Food Shelf Visits Statistics Report},
  year = {2022},
  note = {Accessed 12/01/2024},
  url = {https://www.hungersolutions.org/wp-content/uploads/2023/02/Food-shelf-visits-2022-Presentation.pdf},
  urldate = {2024-11-27}
}

@misc{hungerSolutionsFoodShelfDataRequest,
  author = {{Hunger Solutions}},
  title = {Programs Hunger Solutions Data Request},
  year = {n.d.},
  note = {Accessed 12/01/2024},
  url = {https://www.hungersolutions.org/},
  urldate = {2024-11-27}
}

@misc{kidsCountGraduation,
  author = {{The Annie E. Casey Foundation, KIDS COUNT Data Center}},
  title = {Four-year graduation rate in Minnesota},
  year = {2023},
  note = {Accessed 12/06/2024},
  url = {https://datacenter.aecf.org/data/tables/11367-four-year-graduation-rate?loc=25&loct=2#detailed/5/3827-3913/false/1095,2048/any/22006,22007},
  urldate = {2024-11-27}
}

@misc{kidsCountMothersWhoSmoked,
  author = {{The Annie E. Casey Foundation, KIDS COUNT Data Center}},
  title = {Births to mother who smoked during pregnancy in Minnesota},
  year = {2024},
  note = {Accessed 12/06/2024},
  url = {https://datacenter.aecf.org/data/tables/1822-births-to-mother-who-smoked-during-pregnancy?loc=25&loct=5#detailed/5/3827-3913/false/1095,2048,574,1729,37,871,870,573,869,133/any/3851},
  urldate = {2024-11-27}
}

@misc{kidsCountPreNatalCare,
  author = {{The Annie E. Casey Foundation, KIDS COUNT Data Center}},
  title = {Births to mothers who received late or inadequate prenatal care in Minnesota},
  year = {2024},
  note = {Accessed 12/06/2024},
  url = {https://datacenter.aecf.org/data/tables/1823-births-to-mothers-who-received-late-or-inadequate-prenatal-care?loc=25&loct=5#detailed/5/3827-3913/false/1095,2048,574,1729,37,871,870,573,36,133/any/8841},
  urldate = {2024-11-27}
}

@misc{mdeThirdGradeProficiency,
  author = {{Minnesota Early Childhood Longitudinal Data System}},
  title = {3rd Grade Proficiency},
  year = {2017-2023},
  note = {Accessed 12/01/2024},
  url = {https://eclds.mn.gov/#thirdGradeEdStatus/orgId--999999000__groupType--state__ECO_DEV_REGION--FOC_NONE__FISCAL_YEAR--2023__DISABILITY_TYPE--FOC_NONE__HOME_LANGUAGE--FOC_NONE__RACE_ETHTYPE--F__SUBJECT--R__p--1/orgId--cOrg35__groupType--county__ECO_DEV_REGION--FOC_NONE__FISCAL_YEAR--2023__DISABILITY_TYPE--FOC_NONE__HOME_LANGUAGE--FOC_NONE__RACE_ETHTYPE--S__SUBJECT--R__p--1/orgId--cOrg45__groupType--county__ECO_DEV_REGION--FOC_NONE__FISCAL_YEAR--2023__DISABILITY_TYPE--FOC_NONE__HOME_LANGUAGE--FOC_NONE__RACE_ETHTYPE--S__SUBJECT--R__p--1/orgId--cOrg57__groupType--county__ECO_DEV_REGION--FOC_NONE__FISCAL_YEAR--2023__DISABILITY_TYPE--FOC_NONE__HOME_LANGUAGE--FOC_NONE__RACE_ETHTYPE--S__SUBJECT--R__p--1/orgId--cOrg63__groupType--county__ECO_DEV_REGION--FOC_NONE__FISCAL_YEAR--2023__DISABILITY_TYPE--FOC_NONE__HOME_LANGUAGE--FOC_NONE__RACE_ETHTYPE--S__SUBJECT--R__p--1/orgId--cOrg68__groupType--county__ECO_DEV_REGION--FOC_NONE__FISCAL_YEAR--2023__DISABILITY_TYPE--FOC_NONE__HOME_LANGUAGE--FOC_NONE__RACE_ETHTYPE--S__SUBJECT--R__p--1},
  urldate = {2024-11-27}
}

@misc{mdeMinnesotaStudentSurvey,
  author = {{Minnesota Department of Education}},
  title = {Minnesota Student Survey Tables 2013-2022},
  year = {2013-2022},
  note = {Accessed 12/01/2024},
  url = {https://public.education.mn.gov/MDEAnalytics/DataTopic.jsp?TOPICID=11},
  urldate = {2024-11-27}
}

@misc{mdhArsenic2008_2021,
  author = {{Minnesota Department of Health}},
  title = {Private Wells - Arsenic (2008-2021)},
  year = {2008-2021},
  note = {Accessed 12/01/2024},
  url = {https://mndatamaps.web.health.state.mn.us/interactive/wells.html},
  urldate = {2024-11-27}
}

@misc{mdhAsthma,
  author = {{Minnesota Department of Health}},
  title = {Asthma},
  year = {2022},
  note = {Accessed 12/01/2024},
  url = {https://www.health.state.mn.us/diseases/asthma/index.html},
  urldate = {2024-11-27}
}

@misc{mdhCancerMap,
  author = {{Minnesota Department of Health}},
  title = {Cancer in Minnesota},
  year = {2023},
  note = {Accessed 12/06/2024},
  url = {https://data.web.health.state.mn.us/cancer_all#maps},
  urldate = {2024-11-27}
}

@misc{mdhCancerPrevalence,
  author = {{Minnesota Department of Health}},
  title = {Cancer Prevalence Estimates by Minnesota County},
  year = {2024},
  note = {Accessed 12/06/2024},
  url = {https://www.health.state.mn.us/data/mcrs/docs/prevresultable.pdf},
  urldate = {2024-11-27}
}

@misc{mdhCountyHealthTables,
  author = {{Minnesota Department of Health}},
  title = {County Health Tables},
  year = {2015-2020},
  note = {Accessed 10/01/2024},
  url = {https://www.health.state.mn.us/data/mchs/genstats/countytables/index.html},
  urldate = {2024-11-27}
}

@misc{mdhFatalDrugOverdose,
  author = {{Minnesota Department of Health}},
  title = {COUNTY − LEVEL DRUG OVERDOSE DEATHS FROM 2014 − 2023},
  year = {2024},
  note = {Accessed 10/01/2024},
  url = {https://www2cdn.web.health.state.mn.us/communities/opioids/documents/countytotals.pdf},
  urldate = {2024-11-27}
}

@misc{mdhHeartDisease,
  author = {{Minnesota Department of Health}},
  title = {Heart Disease, Stroke, Hypertension, and Diabetes Deaths in Minnesota},
  year = {2024},
  note = {Accessed 12/06/2024},
  url = {https://www.health.state.mn.us/diseases/chronic/cdmortalitydata.html},
  urldate = {2024-11-27}
}

@misc{mdhNeonatalAbstinenceSyndrome,
  author = {{Minnesota Department of Health}},
  title = {Neonatal Abstinence Syndrome (NAS) DATA BRIEF: STATEWIDE AND COUNTY TRENDS, 2016-2022},
  year = {2023},
  note = {Accessed 12/06/2024},
  url = {https://www.health.state.mn.us/communities/opioids/documents/2023nasdatabrief.pdf},
  urldate = {2024-11-27}
}

@misc{mdhNonFatalDrugOverdose,
  author = {{Minnesota Department of Health}},
  title = {Nonfatal Drug Overdose Dashboard},
  year = {2023},
  note = {Accessed 12/06/2024},
  url = {https://www.health.state.mn.us/communities/opioids/data/nonfataldata.html},
  urldate = {2024-11-27}
}

@misc{mdhPHDAPAsthma,
  author = {{Minnesota Department of Health}},
  title = {Asthma. Accessed from MN Public Health Access Data Portal},
  year = {2019-2021},
  note = {Accessed 12/01/2024},
  url = {https://data.web.health.state.mn.us/asthma-charts},
  urldate = {2024-11-27}
}

@misc{mdhPHDAPmedicaidDental2020,
  author = {{Minnesota Department of Health}},
  title = {Oral Health query:Medicaid dental service use. Accessed from MN Public Health Access Data Portal},
  year = {2012-2020},
  note = {Accessed 12/06/2024},
  url = {https://data.web.health.state.mn.us/medicaid-dental-service-use-query},
  urldate = {2024-11-27}
}

@misc{mdhPHDAPImmuizations,
  author = {{Minnesota Department of Health}},
  title = {Immunizations query:Childhood immunizations. Accessed from MN Public Health Access Data Portal},
  year = {2015−2023},
  note = {Accessed 12/06/2024},
  url = {https://data.web.health.state.mn.us/immunizations-query}, 
  urldate = {2024-11-27}
}

@misc{mdhPublicUseFiles2022,
  author = {{Minnesota Department of Health}},
  title = {Minnesota Statewide Quality Reporting and Measurement System Public Use File},
  year = {2018-2022},
  note = {Accessed 12/01/2024},
  url = {https://www.health.state.mn.us/data/hcquality/pufs.html},
  urldate = {2024-11-27}
}

@misc{mdhRadon,
  author = {{Minnesota Department of Health}},
  title = {Radon},
  year = {2024},
  note = {Accessed 11/27/2024},
  url = {https://data.web.health.state.mn.us/radon},
  urldate = {2024-11-27}
}

@misc{mdhStiStatistics,
  author = {{Minnesota Department of Health}},
  title = {STI Statistics},
  year = {2024},
  note = {Accessed 11/27/2024},
  url = {https://www.health.state.mn.us/diseases/stds/stats/index.html},
  urldate = {2024-11-27}
}

@misc{mdhWomenInfantChildren,
  author = {{Minnesota Department of Health}},
  title = {WIC Breastfeeding Summary},
  year = {2024},
  note = {Accessed 11/27/2024},
  url = {https://www.health.state.mn.us/people/wic/localagency/reports/bf/annual.html},
  urldate = {2024-11-27}
}

@misc{mnDeedUnemploymentRate,
  author = {{Minnesota Department of Employment and Economic Development}},
  title = {Local Area Unemployment Statistics (LAUS) tool},
  year = {2015-2023},
  note = {Accessed 12/01/2024},
  url = {https://apps.deed.state.mn.us/lmi/laus/Default.aspx},
  urldate = {2024-11-27}
}

@misc{mnDeedCountyProfiles,
  author = {{Minnesota Department of Employment and Economic Development}},
  title = {Local Area Unemployment Statistics (LAUS) tool},
  year = {2024},
  note = {Accessed 12/01/2024},
  url = {https://mn.gov/deed/data/data-tools/county-profiles/},
  urldate = {2024-11-27}
}

@misc{mnBoardOfPharmacyPMPDashboard,
  author = {{Minnesota Board of Pharmacy}},
  title = {Prescription Monitoring Program Data Dashboard},
  year = {2022-2023},
  note = {Accessed 12/06/2024},
  url = {https://mn.gov/boards/pharmacy-pmp/reports/data-dashboard.jsp},
  urldate = {2024-11-27}
}

@misc{norcDementia,
  author = {{NORC at the University of Chicago}},
  title = {Dementia Datahub},
  year = {2024},
  note = {Accessed 12/06/2024},
  url = {https://dementiadatahub.org/explore-data/map.html},
  urldate = {2024-11-27}
}

@misc{pnmChildTeenCheckup,
  author = {{Polk, Norman, & Mahnomen Community Health Services}},
  title = {Child and Teen Checkups},
  year = {2024},
  note = {Accessed 12/06/2024},
  url = {},
  urldate = {2024-11-27}
}

@misc{polkOpioid,
  author = {{Polk County}},
  title = {Polk County Opioid Funding Prioritization},
  year = {2023},
  note = {Accessed 12/01/2024},
  url = {https://www.co.polk.mn.us/DocumentCenter/View/2073/Polk-County-Opioid-Funding-Prioritization-Survey-Results?bidId=},
  urldate = {2024-11-27}
}

@misc{rhiHubFrontier2024,
  author = {{Rural Health Information Hub}},
  title = {Health and Healthcare in Frontier Areas},
  year = {2024},
  note = {Accessed 2025-01-27},
  url = {https://www.ruralhealthinfo.org/topics/frontier},
  urldate = {2024-12-10}
}

@misc{tzdCrashSite2023,
  author = {{Toward Zero Deaths}},
  title = {TZD Regions},
  year = {2023},
  note = {Accessed 12/01/2024},
  url = {https://www.minnesotatzd.org/regions},
  urldate = {2024-11-27}
}



